<record><leader>00000cas a22000007a 4500</leader><controlfield tag="001">41423638</controlfield><controlfield tag="008">990525c19989999caumr ne      0   z0arm d</controlfield><controlfield tag="009">467</controlfield><datafield ind1=" " ind2=" " tag="010"><subfield code="a">sn 99003983 </subfield></datafield><datafield ind1=" " ind2=" " tag="040"><subfield code="a">NSD</subfield><subfield code="b">eng</subfield><subfield code="c">NSD</subfield><subfield code="d">OCLCQ</subfield></datafield><datafield ind1=" " ind2=" " tag="012"><subfield code="l">1</subfield></datafield><datafield ind1="0" ind2=" " tag="022"><subfield code="a">1525-2310</subfield><subfield code="l">1525-2310</subfield><subfield code="2">1</subfield></datafield><datafield ind1=" " ind2=" " tag="037"><subfield code="b">Usanogh Student Newspaper Committee, POB 621, Glendale, CA 91209</subfield></datafield><datafield ind1=" " ind2=" " tag="042"><subfield code="a">nsdp</subfield><subfield code="a">msc</subfield></datafield><datafield ind1="1" ind2="0" tag="082"><subfield code="a">005</subfield><subfield code="2">13</subfield></datafield><datafield ind1="0" ind2=" " tag="130"><subfield code="a">Usanogh (Glendale, Calif.)</subfield></datafield><datafield ind1="0" ind2=" " tag="210"><subfield code="a">Usanogh</subfield><subfield code="b">(Glendale Calif.)</subfield></datafield><datafield ind1=" " ind2="0" tag="222"><subfield code="a">Usanogh</subfield><subfield code="b">(Glendale, Calif.)</subfield></datafield><datafield ind1="0" ind2="0" tag="245"><subfield code="a">Usanogh :</subfield><subfield code="b">periodical of Armenian students.</subfield></datafield><datafield ind1=" " ind2=" " tag="260"><subfield code="a">Glendale, CA :</subfield><subfield code="b">Usanogh Student Newspaper Committee,</subfield><subfield code="c">[1998-</subfield></datafield><datafield ind1=" " ind2=" " tag="300"><subfield code="a">v.</subfield></datafield><datafield ind1=" " ind2=" " tag="310"><subfield code="a">Monthly</subfield></datafield><datafield ind1="0" ind2=" " tag="362"><subfield code="a">1st ed. (Feb. 1998)-</subfield></datafield><datafield ind1=" " ind2=" " tag="752"><subfield code="a">United States</subfield><subfield code="b">California</subfield><subfield code="c">Los Angeles</subfield><subfield code="d">Glendale.</subfield></datafield><datafield ind1="2" ind2=" " tag="710"><subfield code="a">Usanogh Student Newspaper Committee (Glenddale, Calif.)</subfield></datafield></record>